<?xml version="1.0" encoding="UTF-8"?><collection xmlns="http://www.loc.gov/MARC21/slim"><record><leader>00442nam--2200169-i-4500</leader><controlfield tag="001">000003391</controlfield><controlfield tag="002">20161230</controlfield><controlfield tag="005">20170122111245</controlfield><controlfield tag="008">060222s1000------------r-----000-0-eng-d</controlfield><datafield ind1=" " ind2=" " tag="040"><subfield code="a">IFIN-HH</subfield></datafield><datafield ind1=" " ind2=" " tag="080"><subfield code="a">5321.5</subfield></datafield><datafield ind1="1" ind2=" " tag="100"><subfield code="a">Birkhoff, Garrett</subfield></datafield><datafield ind1="1" ind2="0" tag="245"><subfield code="a">Hydrodynamics</subfield><subfield code="b">A study in logic,fact, and similitude</subfield></datafield><datafield ind1=" " ind2=" " tag="260"><subfield code="a">Princeton</subfield><subfield code="b">University Press</subfield><subfield code="c">1950</subfield></datafield><datafield ind1=" " ind2=" " tag="300"><subfield code="a">XIII + 186 p</subfield></datafield><datafield ind1=" " ind2=" " tag="852"><subfield code="a">3252</subfield><subfield code="c">532</subfield></datafield><datafield ind1=" " ind2=" " tag="CAT"><subfield code="a">SYS</subfield><subfield code="c">20170122</subfield><subfield code="h">111245</subfield></datafield></record></collection>